<record xmlns='http://www.loc.gov/MARC21/slim'
><leader
  >05245ctm a2200613Ki 4500</leader
  ><controlfield tag='001'
  >99900477834201852</controlfield
  ><controlfield tag='005'
  >20200520073643.5</controlfield
  ><controlfield tag='008'
  >180302q13751400fr            000 0 lat d</controlfield
  ><datafield ind1=' ' ind2=' ' tag='035'
  ><subfield code='a'
    >(OCoLC)1026502046</subfield
    ></datafield
  ><datafield ind1=' ' ind2=' ' tag='035'
  ><subfield code='a'
    >(OCoLC)on1026502046</subfield
    ></datafield
  ><datafield ind1=' ' ind2=' ' tag='035'
  ><subfield code='a'
    >(EXLNZ-01ALLIANCE_NETWORK)99324896054501451</subfield
    ></datafield
  ><datafield ind1=' ' ind2=' ' tag='040'
  ><subfield code='a'
    >ORU</subfield
    ><subfield code='b'
    >eng</subfield
    ><subfield code='e'
    >rda</subfield
    ><subfield code='c'
    >ORU</subfield
    ><subfield code='d'
    >OCLCQ</subfield
    ><subfield code='d'
    >ORU</subfield
    ><subfield code='d'
    >OCLCA</subfield
    ><subfield code='d'
    >ORU</subfield
    ><subfield code='d'
    >OCLCF</subfield
    ></datafield
  ><datafield ind1=' ' ind2=' ' tag='041'
  ><subfield code='a'
    >lat</subfield
    ></datafield
  ><datafield ind1=' ' ind2=' ' tag='049'
  ><subfield code='a'
    >MAIN</subfield
    ></datafield
  ><datafield ind1='2' ind2=' ' tag='110'
  ><subfield code='a'
    >Catholic Church.</subfield
    ></datafield
  ><datafield ind1='1' ind2='0' tag='240'
  ><subfield code='a'
    >Book of hours.</subfield
    ><subfield code='k'
    >Selections</subfield
    ></datafield
  ><datafield ind1='1' ind2='0' tag='245'
  ><subfield code='a'
    >Leaf from a Book of Hours showing nativity scene.</subfield
    ></datafield
  ><datafield ind1=' ' ind2='0' tag='264'
  ><subfield code='a'
    >France,</subfield
    ><subfield code='c'
    >between 1375 and 1400?</subfield
    ></datafield
  ><datafield ind1=' ' ind2=' ' tag='300'
  ><subfield code='a'
    >1 leaf :</subfield
    ><subfield code='b'
    >parchment ;</subfield
    ><subfield code='c'
    >95 x 160 mm (visible) in frame 165 x 240 mm.</subfield
    ></datafield
  ><datafield ind1=' ' ind2=' ' tag='336'
  ><subfield code='a'
    >text</subfield
    ><subfield code='b'
    >txt</subfield
    ><subfield code='2'
    >rdacontent</subfield
    ></datafield
  ><datafield ind1=' ' ind2=' ' tag='337'
  ><subfield code='a'
    >unmediated</subfield
    ><subfield code='b'
    >n</subfield
    ><subfield code='2'
    >rdamedia</subfield
    ></datafield
  ><datafield ind1=' ' ind2=' ' tag='338'
  ><subfield code='a'
    >volume</subfield
    ><subfield code='b'
    >nc</subfield
    ><subfield code='2'
    >rdacarrier</subfield
    ></datafield
  ><datafield ind1=' ' ind2=' ' tag='583'
  ><subfield code='a'
    >Item cataloged from existing description by C. Pierce and J. Fox, and in hand by Erika Milo and Ian Scott, July/August 2018.</subfield
    ></datafield
  ><datafield ind1=' ' ind2=' ' tag='540'
  ><subfield code='a'
    >All requests for permission to quote or publish from manuscripts must be submitted in writing to the Head of Special Collections &amp; University Archives.</subfield
    ></datafield
  ><datafield ind1='1' ind2=' ' tag='541'
  ><subfield code='c'
    >Donation/Purchase ;</subfield
    ><subfield code='a'
    >Julia Burgess,</subfield
    ><subfield code='d'
    >1935-1942.</subfield
    ></datafield
  ><datafield ind1=' ' ind2=' ' tag='520'
  ><subfield code='a'
    >Nativity scene at the start of Prime.</subfield
    ></datafield
  ><datafield ind1=' ' ind2=' ' tag='500'
  ><subfield code='a'
    >Manuscript document.</subfield
    ></datafield
  ><datafield ind1=' ' ind2=' ' tag='500'
  ><subfield code='a'
    >Title devised by cataloger.</subfield
    ></datafield
  ><datafield ind1=' ' ind2=' ' tag='500'
  ><subfield code='a'
    >Collation: 1 disbound leaf.</subfield
    ></datafield
  ><datafield ind1=' ' ind2=' ' tag='500'
  ><subfield code='a'
    >Origin: France, late 14th century.</subfield
    ></datafield
  ><datafield ind1=' ' ind2=' ' tag='500'
  ><subfield code='a'
    >Layout: Single column, 4 lines on recto, 17 lines on verso.</subfield
    ></datafield
  ><datafield ind1=' ' ind2=' ' tag='500'
  ><subfield code='a'
    >Script: Compact Gothic minuscule in brown ink with some ligatures, abbreviations, and rubrication. Recto: one red word (&quot;prime&quot;); verso: two red words and one red character.</subfield
    ></datafield
  ><datafield ind1=' ' ind2=' ' tag='500'
  ><subfield code='a'
    >Decoration: Recto: miniature of the Nativity in the stable: Mary in blue robe and cloak, reaching down to infant Jesus. Joseph sits in green tunic, pink cloak, and blue hood, with an ox and an ass. Behind a wattle fence stands a shepherd in red tunic, light yellow cowl, and black hat. Minimal landscape of grass and five trees in background. Text begins with a large illuminated &apos;D&apos; with a vine motif in blue and red with whitework, on a background of raised gold. Four short lines of text follow, the third with a decorative bar at end, the fourth with a smaller illuminated &apos;D&apos; in the same colors. Miniature is framed by a bar border in the same colors along left, right, and foot edges. The whole is surrounded by sprays of stylized acanthus in blue and yellow-brown, stems of small blue flowers with leaves in green or raised gold, and fruits in red or pink. Verso: Text page; 6 lines have decorative bars at ends, in blue and red with whitework and raised gold; 5 small and 2 medium initials in same colors; and two sprays of leaves in raised gold in left margin.</subfield
    ></datafield
  ><datafield ind1=' ' ind2=' ' tag='500'
  ><subfield code='a'
    >Binding: Framed in dark purple velvet on recto, purplish-brown leather on verso.</subfield
    ></datafield
  ><datafield ind1=' ' ind2=' ' tag='500'
  ><subfield code='a'
    >Pasted note on frame verso: &quot;134. The Nativity. A leaf from a French Horae at the beginning of Prime. The miniature measures 3 1/2 x 2/58 inches, and depicts the Nativity, with the Virgin, Joseph, a shepherd and an ox and an ass adoring the Child; beneath is an illuminated initial D, the whole being surrounded by a border of the line and leaf type; mounted in a frame of dark red velvet. £12-12-0. 15TH cent.&quot;</subfield
    ></datafield
  ><datafield ind1=' ' ind2=' ' tag='500'
  ><subfield code='a'
    >Shelfmark: Eugene, OR, Special Collections and University Archives, University of Oregon, MS 054.</subfield
    ></datafield
  ><datafield ind1=' ' ind2=' ' tag='546'
  ><subfield code='a'
    >In Latin.</subfield
    ></datafield
  ><datafield ind1='0' ind2=' ' tag='505'
  ><subfield code='a'
    >Recto: First verse of the 69th Psalm: &quot;Deus in prime aduitoriu[m] meu[m] intende. Domine ad&quot; -- Verso: &quot;juvandum me festina. Gloria Patri. Sicut erat.&quot; Truncated, resumes with hymn: &quot;Ueni cr[e]ator spiritus. Mentes tuouru[m] visita, imple superna gratia que tu cr[e]asti pectora.&quot; &quot;Memento salutis auctor cp[=quod] nostri c[u]ondam corporis ex illibata virgine nascendo forma[m] sumpseris. Maria mater grati[a]e. Gloria tibi domine. Autha.&quot; Beginning of Psalm 1: &quot;Maria uirgo psalmus. Beatus uir qui non abiit in consilio impiorum: et in uia peccatorum non stetit.&quot;</subfield
    ></datafield
  ><datafield ind1=' ' ind2=' ' tag='506'
  ><subfield code='a'
    >RESTRICTED ORIGINAL. USE DIGITAL COPY ONLY:</subfield
    ><subfield code='b'
    >Use of original only by permission of the rare books curator. Inquiries concerning this item should be directed, in writing, to the Public Services Librarian, Special Collections Department, UO Libraries, or electronically:</subfield
    ><subfield code='u'
    >https://library.uoregon.edu/special-collections/research-assistance.</subfield
    ></datafield
  ><datafield ind1=' ' ind2='0' tag='650'
  ><subfield code='a'
    >Manuscripts, Medieval</subfield
    ><subfield code='z'
    >Oregon</subfield
    ><subfield code='z'
    >Eugene.</subfield
    ></datafield
  ><datafield ind1=' ' ind2='7' tag='650'
  ><subfield code='a'
    >Manuscripts, Medieval.</subfield
    ><subfield code='2'
    >fast</subfield
    ><subfield code='0'
    >(OCoLC)fst01008422</subfield
    ></datafield
  ><datafield ind1=' ' ind2='7' tag='650'
  ><subfield code='a'
    >Nativity of Jesus Christ.</subfield
    ><subfield code='2'
    >fast</subfield
    ><subfield code='0'
    >(OCoLC)fst01353868</subfield
    ></datafield
  ><datafield ind1=' ' ind2='7' tag='651'
  ><subfield code='a'
    >Oregon</subfield
    ><subfield code='z'
    >Eugene.</subfield
    ><subfield code='2'
    >fast</subfield
    ><subfield code='0'
    >(OCoLC)fst01205922</subfield
    ></datafield
  ><datafield ind1=' ' ind2='0' tag='655'
  ><subfield code='a'
    >Manuscripts, Latin (medieval and modern).</subfield
    ></datafield
  ><datafield ind1=' ' ind2='7' tag='655'
  ><subfield code='a'
    >Miniatures (paintings).</subfield
    ><subfield code='2'
    >aat</subfield
    ></datafield
  ><datafield ind1=' ' ind2='7' tag='655'
  ><subfield code='a'
    >Art.</subfield
    ><subfield code='2'
    >fast</subfield
    ><subfield code='0'
    >(OCoLC)fst01423702</subfield
    ></datafield
  ><datafield ind1='0' ind2='0' tag='600'
  ><subfield code='a'
    >Jesus Christ</subfield
    ><subfield code='x'
    >Nativity</subfield
    ><subfield code='v'
    >In art.</subfield
    ></datafield
  ><datafield ind1='0' ind2='7' tag='600'
  ><subfield code='a'
    >Jesus Christ.</subfield
    ><subfield code='2'
    >fast</subfield
    ><subfield code='0'
    >(OCoLC)fst00040116</subfield
    ></datafield
  ><datafield ind1='2' ind2=' ' tag='710'
  ><subfield code='a'
    >University of Oregon.</subfield
    ><subfield code='b'
    >Libraries.</subfield
    ><subfield code='b'
    >Special Collections &amp; University Archives.</subfield
    ><subfield code='k'
    >Manuscript.</subfield
    ><subfield code='n'
    >MS 054.</subfield
    ></datafield
  ><datafield ind1='1' ind2=' ' tag='700'
  ><subfield code='a'
    >Burgess, Edward Sandford,</subfield
    ><subfield code='d'
    >1855-1928,</subfield
    ><subfield code='e'
    >former owner.</subfield
    ></datafield
  ><datafield ind1='1' ind2=' ' tag='700'
  ><subfield code='a'
    >Burgess, Julia,</subfield
    ><subfield code='e'
    >former owner.</subfield
    ></datafield
  ><datafield ind1=' ' ind2=' ' tag='851'
  ><subfield code='a'
    >Special Collections and University Archives,</subfield
    ><subfield code='c'
    >University of Oregon, Eugene, OR 97403.</subfield
    ></datafield
  ><datafield ind1='8' ind2=' ' tag='852'
  ><subfield code='8'
    >22329398090001852</subfield
    ><subfield code='b'
    >SpecColl</subfield
    ><subfield code='c'
    >spvault</subfield
    ><subfield code='h'
    >MS 054</subfield
    ></datafield
  ><datafield ind1=' ' ind2=' ' tag='994'
  ><subfield code='a'
    >92</subfield
    ><subfield code='b'
    >OCACL</subfield
    ></datafield
  ></record
>